
<record>
  <leader>01481cam a22002773u 4500</leader>
  <controlfield tag="001">8829703</controlfield>
  <controlfield tag="005">20200103125140.0</controlfield>
  <controlfield tag="008">831117s1922    fr a          000 0 fre  </controlfield>
  <datafield tag="906" ind1=" " ind2=" ">
    <subfield code="a">0</subfield>
    <subfield code="b">cbc</subfield>
    <subfield code="c">premunv</subfield>
    <subfield code="d">u</subfield>
    <subfield code="e">ncip</subfield>
    <subfield code="f">19</subfield>
    <subfield code="g">y-gencatlg</subfield>
  </datafield>
  <datafield tag="035" ind1=" " ind2=" ">
    <subfield code="9">(DLC)   49085216</subfield>
  </datafield>
  <datafield tag="010" ind1=" " ind2=" ">
    <subfield code="a">   49085216 </subfield>
  </datafield>
  <datafield tag="040" ind1=" " ind2=" ">
    <subfield code="a">DLC</subfield>
    <subfield code="b">eng</subfield>
    <subfield code="c">CarP</subfield>
    <subfield code="d">DLC</subfield>
  </datafield>
  <datafield tag="050" ind1="0" ind2="0">
    <subfield code="a">PQ2613.A25</subfield>
    <subfield code="b">N4 (Rosenwald Coll.)</subfield>
  </datafield>
  <datafield tag="100" ind1="1" ind2=" ">
    <subfield code="a">Gabory, Georges,</subfield>
    <subfield code="d">1899-1978.</subfield>
  </datafield>
  <datafield tag="245" ind1="1" ind2="3">
    <subfield code="a">Le nez de Cléopâtre,</subfield>
    <subfield code="c">illus. de pointes sèches par André Derain.</subfield>
  </datafield>
  <datafield tag="260" ind1=" " ind2=" ">
    <subfield code="a">Paris,</subfield>
    <subfield code="b">Éditions de la Galerie Simon</subfield>
    <subfield code="c">[1922]</subfield>
  </datafield>
  <datafield tag="300" ind1=" " ind2=" ">
    <subfield code="a">[71] p.</subfield>
    <subfield code="b">illus.</subfield>
    <subfield code="c">17 cm.</subfield>
  </datafield>
  <datafield tag="500" ind1=" " ind2=" ">
    <subfield code="a">112 copies printed. &quot;Cent exemplaires numérotés par l&apos;auteur et l&apos;illustrateur, dont dix exemplaires tirés sur papier du Japon... numérotés de 1 à 10, et quatre-vingt-dix exemplaires tirés sur papier de Hollande... numérotés de 11 à 1000, auxquels s&apos;ajoutent dix copies de Chapelle, numérotées de I à X, et deux exemplaires destinés au dépot légal, chiffrés 0 to 00... No. 49.&quot;</subfield>
    <subfield code="5">DLC</subfield>
  </datafield>
  <datafield tag="510" ind1="4" ind2=" ">
    <subfield code="a">Library of Congress. Lessing J. Rosenwald collection,</subfield>
    <subfield code="c">2145</subfield>
  </datafield>
  <datafield tag="700" ind1="1" ind2=" ">
    <subfield code="a">Derain, André,</subfield>
    <subfield code="d">1880-1954,</subfield>
    <subfield code="e">illus.</subfield>
  </datafield>
  <datafield tag="710" ind1="2" ind2=" ">
    <subfield code="a">Lessing J. Rosenwald Collection (Library of Congress)</subfield>
    <subfield code="5">DLC</subfield>
  </datafield>
  <datafield tag="952" ind1=" " ind2=" ">
    <subfield code="a">LAC sba 2020-01-03 update (1 card)</subfield>
  </datafield>
  <datafield tag="984" ind1=" " ind2=" ">
    <subfield code="a">rsl</subfield>
    <subfield code="d">2020-01-03</subfield>
  </datafield>
  <datafield tag="985" ind1=" " ind2=" ">
    <subfield code="a">rblacfederal</subfield>
    <subfield code="d">20200103</subfield>
  </datafield>
  <datafield tag="987" ind1=" " ind2=" ">
    <subfield code="b">RBSCDRECON</subfield>
    <subfield code="c">20200103</subfield>
    <subfield code="d">r</subfield>
    <subfield code="f">CALL NUMBER DISCREPANCY; LCCN PROBLEM</subfield>
  </datafield>
  <datafield tag="991" ind1=" " ind2=" ">
    <subfield code="b">c-GenColl</subfield>
    <subfield code="h">PQ2613.A25</subfield>
    <subfield code="i">N4 (Rosenwald Coll.)</subfield>
    <subfield code="t">Copy 1</subfield>
    <subfield code="w">PREM</subfield>
  </datafield>
</record>