
<record>
  <leader>01361cam a22003373u 4500</leader>
  <controlfield tag="001">9070477</controlfield>
  <controlfield tag="005">20200103130244.0</controlfield>
  <controlfield tag="008">820120s1832    pau           000 0 eng  </controlfield>
  <datafield tag="906" ind1=" " ind2=" ">
    <subfield code="a">0</subfield>
    <subfield code="b">cbc</subfield>
    <subfield code="c">premunv</subfield>
    <subfield code="d">u</subfield>
    <subfield code="e">ncip</subfield>
    <subfield code="f">19</subfield>
    <subfield code="g">y-gencatlg</subfield>
  </datafield>
  <datafield tag="955" ind1=" " ind2=" ">
    <subfield code="a">ck10 9-24-96</subfield>
  </datafield>
  <datafield tag="035" ind1=" " ind2=" ">
    <subfield code="9">(DLC)unk81051516</subfield>
  </datafield>
  <datafield tag="010" ind1=" " ind2=" ">
    <subfield code="a">unk81051516 </subfield>
  </datafield>
  <datafield tag="040" ind1=" " ind2=" ">
    <subfield code="a">DLC</subfield>
    <subfield code="b">eng</subfield>
    <subfield code="c">CarP</subfield>
    <subfield code="d">DLC</subfield>
  </datafield>
  <datafield tag="050" ind1="0" ind2="0">
    <subfield code="a">AC901</subfield>
    <subfield code="b">.P3 v. 34, no. 9</subfield>
  </datafield>
  <datafield tag="051" ind1=" " ind2=" ">
    <subfield code="a">YA 25056</subfield>
    <subfield code="c">Copy no. undetermined.</subfield>
  </datafield>
  <datafield tag="051" ind1=" " ind2=" ">
    <subfield code="a">AC8</subfield>
    <subfield code="b">.J65</subfield>
    <subfield code="c">24 cm. With: his Observations on the improvement of seminaries of learning.</subfield>
  </datafield>
  <datafield tag="100" ind1="1" ind2=" ">
    <subfield code="a">Johnson, Walter Rogers,</subfield>
    <subfield code="d">1784-1852.</subfield>
  </datafield>
  <datafield tag="245" ind1="1" ind2="2">
    <subfield code="a">A concise view of the general state of education in the United States /</subfield>
    <subfield code="c">by W. R. Johnson, of Philadelphia ...</subfield>
  </datafield>
  <datafield tag="260" ind1=" " ind2=" ">
    <subfield code="a">[Philadelphia?</subfield>
    <subfield code="c">1832?]</subfield>
  </datafield>
  <datafield tag="300" ind1=" " ind2=" ">
    <subfield code="a">10 p.</subfield>
    <subfield code="c">28 x 22 cm.</subfield>
  </datafield>
  <datafield tag="510" ind1="4" ind2=" ">
    <subfield code="a">Checklist Amer. imprints</subfield>
    <subfield code="c">13178</subfield>
  </datafield>
  <datafield tag="710" ind1="2" ind2=" ">
    <subfield code="a">Joseph Meredith Toner Collection (Library of Congress)</subfield>
    <subfield code="5">DLC</subfield>
  </datafield>
  <datafield tag="710" ind1="2" ind2=" ">
    <subfield code="a">Pamphlet Collection (Library of Congress)</subfield>
    <subfield code="5">DLC</subfield>
  </datafield>
  <datafield tag="710" ind1="2" ind2=" ">
    <subfield code="a">YA Pamphlet Collection (Library of Congress)</subfield>
    <subfield code="5">DLC</subfield>
  </datafield>
  <datafield tag="952" ind1=" " ind2=" ">
    <subfield code="a">LAC ecr 2020-01-03 update (1 card)</subfield>
  </datafield>
  <datafield tag="984" ind1=" " ind2=" ">
    <subfield code="a">rsl</subfield>
    <subfield code="d">2020-01-03</subfield>
  </datafield>
  <datafield tag="985" ind1=" " ind2=" ">
    <subfield code="a">rblacfederal</subfield>
    <subfield code="d">20200103</subfield>
  </datafield>
  <datafield tag="985" ind1=" " ind2=" ">
    <subfield code="e">rarebk</subfield>
    <subfield code="g">fcd</subfield>
  </datafield>
  <datafield tag="987" ind1=" " ind2=" ">
    <subfield code="b">RBSCDRECON</subfield>
    <subfield code="c">20200103</subfield>
    <subfield code="d">r</subfield>
    <subfield code="f">LCCN PROBLEM; BOUND WITH</subfield>
  </datafield>
  <datafield tag="991" ind1=" " ind2=" ">
    <subfield code="b">c-RareBook</subfield>
    <subfield code="h">AC901</subfield>
    <subfield code="i">.P3 v. 34, no. 9</subfield>
    <subfield code="t">Copy 1</subfield>
    <subfield code="m">Pamp Pam</subfield>
    <subfield code="w">PREM</subfield>
  </datafield>
  <datafield tag="991" ind1=" " ind2=" ">
    <subfield code="b">c-RareBook</subfield>
    <subfield code="h">YA 25056</subfield>
    <subfield code="t">Copy 1</subfield>
    <subfield code="m">YA Pam</subfield>
    <subfield code="w">PREM</subfield>
  </datafield>
</record>