
<record>
  <leader>01363cam a22003251  4500</leader>
  <controlfield tag="001">9135286</controlfield>
  <controlfield tag="005">20200103153119.0</controlfield>
  <controlfield tag="007">cr |||||||||||</controlfield>
  <controlfield tag="008">840411s1789    fr            000 0 fre  </controlfield>
  <datafield tag="906" ind1=" " ind2=" ">
    <subfield code="a">7</subfield>
    <subfield code="b">cbc</subfield>
    <subfield code="c">premver</subfield>
    <subfield code="d">u</subfield>
    <subfield code="e">ncip</subfield>
    <subfield code="f">19</subfield>
    <subfield code="g">y-gencatlg</subfield>
  </datafield>
  <datafield tag="035" ind1=" " ind2=" ">
    <subfield code="9">(DLC)   03029010</subfield>
  </datafield>
  <datafield tag="010" ind1=" " ind2=" ">
    <subfield code="a">   03029010 </subfield>
  </datafield>
  <datafield tag="040" ind1=" " ind2=" ">
    <subfield code="a">DLC</subfield>
    <subfield code="c">CarP</subfield>
    <subfield code="d">DLC</subfield>
  </datafield>
  <datafield tag="043" ind1=" " ind2=" ">
    <subfield code="a">e-fr---</subfield>
    <subfield code="a">nw-----</subfield>
  </datafield>
  <datafield tag="050" ind1="0" ind2="0">
    <subfield code="a">F2151</subfield>
    <subfield code="b">.R29</subfield>
  </datafield>
  <datafield tag="242" ind1="1" ind2="0">
    <subfield code="a">Claim for the colonies of the Antilles, addressed to the king and the nation</subfield>
    <subfield code="y">eng</subfield>
  </datafield>
  <datafield tag="245" ind1="0" ind2="0">
    <subfield code="a">Réclamations pour les colonies des Antilles, adressées au roi et à la nation ...</subfield>
  </datafield>
  <datafield tag="260" ind1=" " ind2=" ">
    <subfield code="a">[Paris,</subfield>
    <subfield code="c">1789]</subfield>
  </datafield>
  <datafield tag="300" ind1=" " ind2=" ">
    <subfield code="a">42 p.</subfield>
    <subfield code="c">21 cm.</subfield>
  </datafield>
  <datafield tag="500" ind1=" " ind2=" ">
    <subfield code="a">Dedication to the Duke of Orleans signed &quot;Un ami des colonies&quot;, and dated &quot;A Paris, ce 8 avril 1789.&quot;</subfield>
  </datafield>
  <datafield tag="530" ind1=" " ind2=" ">
    <subfield code="a">Also available in digital form on the Library of Congress Web site.</subfield>
  </datafield>
  <datafield tag="651" ind1=" " ind2="0">
    <subfield code="a">West Indies, French.</subfield>
  </datafield>
  <datafield tag="710" ind1="2" ind2=" ">
    <subfield code="a">Pre-1801 Imprint Collection (Library of Congress)</subfield>
    <subfield code="5">DLC</subfield>
  </datafield>
  <datafield tag="856" ind1="4" ind2="1">
    <subfield code="d">rbc0001</subfield>
    <subfield code="f">2019preimp29010</subfield>
    <subfield code="q">o</subfield>
    <subfield code="u">http://hdl.loc.gov/loc.rbc/rbfr.0037</subfield>
  </datafield>
  <datafield tag="859" ind1="4" ind2="2">
    <subfield code="3">France in America: Selections from the LC Rare Books and Special Collections Division Description</subfield>
    <subfield code="u">http://hdl.loc.gov/loc.eur/frhtml.0002</subfield>
  </datafield>
  <datafield tag="985" ind1=" " ind2=" ">
    <subfield code="a">rbc/scd</subfield>
  </datafield>
  <datafield tag="985" ind1=" " ind2=" ">
    <subfield code="a">ascfr/frlcrb/tx</subfield>
    <subfield code="e">intldl</subfield>
  </datafield>
  <datafield tag="985" ind1=" " ind2=" ">
    <subfield code="a">pmpull</subfield>
    <subfield code="e">ammem</subfield>
  </datafield>
  <datafield tag="991" ind1=" " ind2=" ">
    <subfield code="b">c-RareBook</subfield>
    <subfield code="h">F2151</subfield>
    <subfield code="i">.R29</subfield>
    <subfield code="t">Copy 1</subfield>
    <subfield code="m">Pre-1801 Coll</subfield>
    <subfield code="w">PREM</subfield>
  </datafield>
  <datafield tag="985" ind1=" " ind2=" ">
    <subfield code="a">bnffia-bk</subfield>
  </datafield>
</record>