
<record>
  <leader>00821cam a2200241u  4500</leader>
  <controlfield tag="001">9197383</controlfield>
  <controlfield tag="005">20200103144511.0</controlfield>
  <controlfield tag="008">820922s1924    nyuac         000 0 eng  </controlfield>
  <datafield tag="906" ind1=" " ind2=" ">
    <subfield code="a">0</subfield>
    <subfield code="b">cbc</subfield>
    <subfield code="c">premunv</subfield>
    <subfield code="d">u</subfield>
    <subfield code="e">ncip</subfield>
    <subfield code="f">19</subfield>
    <subfield code="g">y-gencatlg</subfield>
  </datafield>
  <datafield tag="035" ind1=" " ind2=" ">
    <subfield code="9">(DLC)   24004590</subfield>
  </datafield>
  <datafield tag="010" ind1=" " ind2=" ">
    <subfield code="a">   24004590 </subfield>
  </datafield>
  <datafield tag="040" ind1=" " ind2=" ">
    <subfield code="a">DLC</subfield>
    <subfield code="c">CarP</subfield>
    <subfield code="d">DLC</subfield>
  </datafield>
  <datafield tag="050" ind1="0" ind2="0">
    <subfield code="a">SF489.A6</subfield>
    <subfield code="b">V3 1924</subfield>
  </datafield>
  <datafield tag="100" ind1="1" ind2=" ">
    <subfield code="a">Van Hoesen, Roy William,</subfield>
    <subfield code="d">1873- </subfield>
  </datafield>
  <datafield tag="245" ind1="0" ind2="0">
    <subfield code="a">History of Anconas.</subfield>
  </datafield>
  <datafield tag="250" ind1=" " ind2=" ">
    <subfield code="a">3d ed.</subfield>
  </datafield>
  <datafield tag="260" ind1=" " ind2=" ">
    <subfield code="a">Franklinville, N.Y.</subfield>
    <subfield code="b">R. W. Van Hoesen,</subfield>
    <subfield code="c">c1924.</subfield>
  </datafield>
  <datafield tag="300" ind1=" " ind2=" ">
    <subfield code="a">78 p.</subfield>
    <subfield code="b">incl. col. front., illus., ports.</subfield>
    <subfield code="c">23 cm.</subfield>
  </datafield>
  <datafield tag="530" ind1=" " ind2=" ">
    <subfield code="a">Also available in digital form.</subfield>
  </datafield>
  <datafield tag="650" ind1=" " ind2="0">
    <subfield code="a">Ancona chicken</subfield>
    <subfield code="x">History.</subfield>
  </datafield>
  <datafield tag="856" ind1="4" ind2="1">
    <subfield code="u">https://hdl.loc.gov/loc.gdc/scd0001.00028410256</subfield>
  </datafield>
  <datafield tag="985" ind1=" " ind2=" ">
    <subfield code="a">massdig</subfield>
    <subfield code="e">iapc</subfield>
  </datafield>
  <datafield tag="991" ind1=" " ind2=" ">
    <subfield code="b">c-GenColl</subfield>
    <subfield code="h">SF489.A6</subfield>
    <subfield code="i">V3 1924</subfield>
    <subfield code="p">00028410256</subfield>
    <subfield code="t">Copy 1</subfield>
    <subfield code="w">PREM</subfield>
  </datafield>
</record>