
<record>
  <leader>01651cam a22002893u 4500</leader>
  <controlfield tag="001">9204686</controlfield>
  <controlfield tag="005">20200103135940.0</controlfield>
  <controlfield tag="008">830623m19051907enkc          000 0aeng  </controlfield>
  <datafield tag="906" ind1=" " ind2=" ">
    <subfield code="a">7</subfield>
    <subfield code="b">cbc</subfield>
    <subfield code="c">premunv</subfield>
    <subfield code="d">u</subfield>
    <subfield code="e">ncip</subfield>
    <subfield code="f">19</subfield>
    <subfield code="g">y-gencatlg</subfield>
  </datafield>
  <datafield tag="035" ind1=" " ind2=" ">
    <subfield code="9">(DLC)   26021060</subfield>
  </datafield>
  <datafield tag="010" ind1=" " ind2=" ">
    <subfield code="a">   26021060 </subfield>
  </datafield>
  <datafield tag="040" ind1=" " ind2=" ">
    <subfield code="a">DLC</subfield>
    <subfield code="b">eng</subfield>
    <subfield code="c">CarP</subfield>
    <subfield code="d">DLC</subfield>
  </datafield>
  <datafield tag="050" ind1="0" ind2="0">
    <subfield code="a">PR6005</subfield>
    <subfield code="b">.R7 1905</subfield>
  </datafield>
  <datafield tag="100" ind1="1" ind2=" ">
    <subfield code="a">Crowley, Aleister,</subfield>
    <subfield code="d">1875-1947.</subfield>
  </datafield>
  <datafield tag="245" ind1="1" ind2="4">
    <subfield code="a">The works of Aleister Crowley ...</subfield>
  </datafield>
  <datafield tag="260" ind1=" " ind2=" ">
    <subfield code="a">Foyers :</subfield>
    <subfield code="b">Society for the Propagation of Religious Truth,</subfield>
    <subfield code="c">1905-07.</subfield>
  </datafield>
  <datafield tag="300" ind1=" " ind2=" ">
    <subfield code="a">3 v. in 1. :</subfield>
    <subfield code="b">fronts, (ports.) ;</subfield>
    <subfield code="c">20 cm.</subfield>
  </datafield>
  <datafield tag="500" ind1=" " ind2=" ">
    <subfield code="a">At head of title: Travellers&apos; edition.</subfield>
  </datafield>
  <datafield tag="500" ind1=" " ind2=" ">
    <subfield code="a">Preface signed: I. B.</subfield>
  </datafield>
  <datafield tag="504" ind1=" " ind2=" ">
    <subfield code="a">&quot;Bibliographical note&quot;: v. 3, p. 233-239.</subfield>
  </datafield>
  <datafield tag="505" ind1="0" ind2=" ">
    <subfield code="a">v. 1. Aceldama. The tale of Archais. Songs of the spirit. The poem. Jephithah. Mysteries. Jezebel, and other tragic poems. An appeal to the American republic. The fatal force. The mother&apos;s tragedy. The temple of the Holy Ghost. Carmen Saeculare. Tannhauser. Epilogue. Appendix.--v. 2. Oracles. Alice : an adultery. The Argonauts. Ahab and other poems. The God-eater. The sword of song. Ambrosii magi hortus rosarum. The three characteristics. An essay on ontology. Science and Buddhism. The exclueded middle; or, The sceptic refuted. Time. Epilogue.--v. 3. The star and the garter. Rosa mundi, and other love-songs. The Sire de Maletroit&apos;s door. Gargoyles. Rodin in rime. Orpheus. Epilogue and dedication.</subfield>
  </datafield>
  <datafield tag="700" ind1="0" ind2=" ">
    <subfield code="a">I. B.,</subfield>
    <subfield code="e">ed.</subfield>
  </datafield>
  <datafield tag="952" ind1=" " ind2=" ">
    <subfield code="a">LAC nsk 2020-01-03 update (2 cards)</subfield>
  </datafield>
  <datafield tag="984" ind1=" " ind2=" ">
    <subfield code="a">rsl</subfield>
    <subfield code="d">2020-01-03</subfield>
  </datafield>
  <datafield tag="985" ind1=" " ind2=" ">
    <subfield code="a">rblacfederal</subfield>
    <subfield code="d">20200103</subfield>
  </datafield>
  <datafield tag="985" ind1=" " ind2=" ">
    <subfield code="g">fcd</subfield>
  </datafield>
  <datafield tag="991" ind1=" " ind2=" ">
    <subfield code="b">c-GenColl</subfield>
    <subfield code="h">PR6005</subfield>
    <subfield code="i">.R7</subfield>
    <subfield code="t">Copy 1</subfield>
    <subfield code="w">PREM</subfield>
  </datafield>
</record>