
<record>
  <leader>01664cam a22004093u 4500</leader>
  <controlfield tag="001">9281768</controlfield>
  <controlfield tag="005">20200103140726.0</controlfield>
  <controlfield tag="008">820308m18101824pauacgk       000 0 eng  </controlfield>
  <datafield tag="906" ind1=" " ind2=" ">
    <subfield code="a">7</subfield>
    <subfield code="b">cbc</subfield>
    <subfield code="c">premunv</subfield>
    <subfield code="d">u</subfield>
    <subfield code="e">ncip</subfield>
    <subfield code="f">19</subfield>
    <subfield code="g">y-gencatlg</subfield>
  </datafield>
  <datafield tag="010" ind1=" " ind2=" ">
    <subfield code="a">   46037330 </subfield>
  </datafield>
  <datafield tag="035" ind1=" " ind2=" ">
    <subfield code="9">(DLC)   46037330</subfield>
  </datafield>
  <datafield tag="040" ind1=" " ind2=" ">
    <subfield code="a">DLC</subfield>
    <subfield code="b">eng</subfield>
    <subfield code="c">CarP</subfield>
    <subfield code="d">DLC</subfield>
  </datafield>
  <datafield tag="050" ind1="0" ind2="0">
    <subfield code="a">AE5</subfield>
    <subfield code="b">.R33</subfield>
  </datafield>
  <datafield tag="051" ind1=" " ind2=" ">
    <subfield code="a">AE5</subfield>
    <subfield code="b">.R33 Copy 4</subfield>
    <subfield code="c">Copy 4.</subfield>
  </datafield>
  <datafield tag="051" ind1=" " ind2=" ">
    <subfield code="a">AE5</subfield>
    <subfield code="b">.R33 Copy 5</subfield>
    <subfield code="c">Copy 5.</subfield>
  </datafield>
  <datafield tag="051" ind1=" " ind2=" ">
    <subfield code="a">AE5</subfield>
    <subfield code="b">.R33 Plates Copy 3</subfield>
    <subfield code="c">Copy 3.</subfield>
  </datafield>
  <datafield tag="051" ind1=" " ind2=" ">
    <subfield code="a">AE5</subfield>
    <subfield code="b">.R33 Plates Copy 4</subfield>
    <subfield code="c">Copy 4.</subfield>
  </datafield>
  <datafield tag="100" ind1="1" ind2=" ">
    <subfield code="a">Rees, Abraham,</subfield>
    <subfield code="d">1743-1825.</subfield>
  </datafield>
  <datafield tag="245" ind1="1" ind2="4">
    <subfield code="a">The cyclopædia; or, Universal dictionary of arts, sciences, and literature.</subfield>
  </datafield>
  <datafield tag="246" ind1="3" ind2="0">
    <subfield code="a">Cyclopædia</subfield>
  </datafield>
  <datafield tag="246" ind1="3" ind2="0">
    <subfield code="a">Universal dictionary of arts, sciences, and literature</subfield>
  </datafield>
  <datafield tag="250" ind1=" " ind2=" ">
    <subfield code="a">1st American ed.</subfield>
  </datafield>
  <datafield tag="260" ind1=" " ind2=" ">
    <subfield code="a">Philadelphia,</subfield>
    <subfield code="b">S. F. Bradford; [etc., etc.</subfield>
    <subfield code="c">1810-1824]</subfield>
  </datafield>
  <datafield tag="300" ind1=" " ind2=" ">
    <subfield code="a">41 v.</subfield>
    <subfield code="b">front. (port.) illus. (music) forms.</subfield>
    <subfield code="c">28 x 22 cm.</subfield>
  </datafield>
  <datafield tag="650" ind1=" " ind2="0">
    <subfield code="a">Encyclopedias and dictionaries.</subfield>
  </datafield>
  <datafield tag="710" ind1="2" ind2=" ">
    <subfield code="a">Joseph Meredith Toner Collection (Library of Congress)</subfield>
    <subfield code="5">DLC</subfield>
  </datafield>
  <datafield tag="774" ind1="0" ind2=" ">
    <subfield code="a">Rees, Abraham,</subfield>
    <subfield code="d">1743-1825.</subfield>
    <subfield code="t">Ancient and modern atlas,</subfield>
    <subfield code="w">2019360043</subfield>
    <subfield code="w">2017585361</subfield>
  </datafield>
  <datafield tag="952" ind1=" " ind2=" ">
    <subfield code="a">LAC ecr 2020-01-03 update (3 cards)</subfield>
  </datafield>
  <datafield tag="984" ind1=" " ind2=" ">
    <subfield code="a">rsl</subfield>
    <subfield code="d">2020-01-03</subfield>
  </datafield>
  <datafield tag="985" ind1=" " ind2=" ">
    <subfield code="a">rblacfederal</subfield>
    <subfield code="d">20200103</subfield>
  </datafield>
  <datafield tag="985" ind1=" " ind2=" ">
    <subfield code="a">rarebk/toner</subfield>
    <subfield code="e">rbc</subfield>
  </datafield>
  <datafield tag="987" ind1=" " ind2=" ">
    <subfield code="b">RBSCDRECON</subfield>
    <subfield code="c">20200103</subfield>
    <subfield code="d">r</subfield>
    <subfield code="f">CALL NUMBER DISCREPANCY</subfield>
  </datafield>
  <datafield tag="991" ind1=" " ind2=" ">
    <subfield code="b">c-GenColl</subfield>
    <subfield code="h">AE5</subfield>
    <subfield code="i">.R33</subfield>
    <subfield code="t">Copy 1</subfield>
    <subfield code="w">PREM</subfield>
  </datafield>
  <datafield tag="991" ind1=" " ind2=" ">
    <subfield code="b">c-RareBook</subfield>
    <subfield code="h">AE5</subfield>
    <subfield code="i">.R33</subfield>
    <subfield code="t">Copy 4</subfield>
    <subfield code="m">Toner Coll</subfield>
    <subfield code="w">PREM</subfield>
  </datafield>
  <datafield tag="991" ind1=" " ind2=" ">
    <subfield code="b">c-RareBook</subfield>
    <subfield code="h">AE5</subfield>
    <subfield code="i">.R33</subfield>
    <subfield code="t">Copy 5</subfield>
    <subfield code="m">Toner Coll</subfield>
    <subfield code="w">PREM</subfield>
  </datafield>
  <datafield tag="991" ind1=" " ind2=" ">
    <subfield code="b">c-RareBook</subfield>
    <subfield code="h">AE5</subfield>
    <subfield code="i">.R33 Plates</subfield>
    <subfield code="t">Copy 3</subfield>
    <subfield code="m">Toner Coll</subfield>
    <subfield code="w">PREM</subfield>
  </datafield>
  <datafield tag="991" ind1=" " ind2=" ">
    <subfield code="b">c-RareBook</subfield>
    <subfield code="h">AE5</subfield>
    <subfield code="i">.R33 Plates</subfield>
    <subfield code="t">Copy 4</subfield>
    <subfield code="m">Toner Coll</subfield>
    <subfield code="w">PREM</subfield>
  </datafield>
</record>