
<record>
  <leader>02258cas a2200493u| 4500</leader>
  <controlfield tag="001">9617825</controlfield>
  <controlfield tag="005">20200103102849.0</controlfield>
  <controlfield tag="008">830324q1902    meuac|||||||||||| ||eng| </controlfield>
  <datafield tag="906" ind1=" " ind2=" ">
    <subfield code="a">0</subfield>
    <subfield code="b">cbc</subfield>
    <subfield code="c">premunv</subfield>
    <subfield code="d">u</subfield>
    <subfield code="e">ncip</subfield>
    <subfield code="f">19</subfield>
    <subfield code="g">y-gencatlg</subfield>
  </datafield>
  <datafield tag="035" ind1=" " ind2=" ">
    <subfield code="9">(DLC)   07023343</subfield>
  </datafield>
  <datafield tag="010" ind1=" " ind2=" ">
    <subfield code="a">   07023343 </subfield>
  </datafield>
  <datafield tag="040" ind1=" " ind2=" ">
    <subfield code="a">DLC</subfield>
    <subfield code="c">CarP</subfield>
    <subfield code="d">DLC</subfield>
  </datafield>
  <datafield tag="050" ind1="0" ind2="0">
    <subfield code="a">CS71.P636</subfield>
    <subfield code="b">1902</subfield>
  </datafield>
  <datafield tag="051" ind1=" " ind2=" ">
    <subfield code="c">2d set.</subfield>
  </datafield>
  <datafield tag="110" ind1="2" ind2=" ">
    <subfield code="a">Pike family association. </subfield>
  </datafield>
  <datafield tag="245" ind1="0" ind2="0">
    <subfield code="a">Records of the Pike family association of America,</subfield>
  </datafield>
  <datafield tag="260" ind1=" " ind2=" ">
    <subfield code="a">Saco, Me.,</subfield>
    <subfield code="b">Press of W. L. Streeter,</subfield>
    <subfield code="c">1902-4.</subfield>
  </datafield>
  <datafield tag="300" ind1=" " ind2=" ">
    <subfield code="a">v.</subfield>
    <subfield code="b">illus., plates, ports., fold. plan.</subfield>
    <subfield code="c">21-23 cm.</subfield>
  </datafield>
  <datafield tag="310" ind1=" " ind2=" ">
    <subfield code="a">Unknown</subfield>
  </datafield>
  <datafield tag="530" ind1=" " ind2=" ">
    <subfield code="a">Also available in digital form.</subfield>
  </datafield>
  <datafield tag="540" ind1=" " ind2=" ">
    <subfield code="a">No known restrictions; no copyright renewals found for issues published after 1924, 1/3/2020.</subfield>
  </datafield>
  <datafield tag="590" ind1=" " ind2=" ">
    <subfield code="a">PREMARC/SERLOC merged record</subfield>
  </datafield>
  <datafield tag="600" ind1="3" ind2="0">
    <subfield code="a">Pike family.</subfield>
  </datafield>
  <datafield tag="856" ind1="4" ind2="1">
    <subfield code="3">1900-01</subfield>
    <subfield code="u">https://hdl.loc.gov/loc.gdc/scd0001.00068120718</subfield>
  </datafield>
  <datafield tag="856" ind1="4" ind2="1">
    <subfield code="3">1904</subfield>
    <subfield code="u">https://hdl.loc.gov/loc.gdc/scd0001.00068148704</subfield>
  </datafield>
  <datafield tag="856" ind1="4" ind2="1">
    <subfield code="3">1906</subfield>
    <subfield code="u">https://hdl.loc.gov/loc.gdc/scd0001.00068120585</subfield>
  </datafield>
  <datafield tag="856" ind1="4" ind2="1">
    <subfield code="3">1906</subfield>
    <subfield code="u">https://hdl.loc.gov/loc.gdc/scd0001.00068120421</subfield>
  </datafield>
  <datafield tag="856" ind1="4" ind2="1">
    <subfield code="3">1908</subfield>
    <subfield code="u">https://hdl.loc.gov/loc.gdc/scd0001.00068120780</subfield>
  </datafield>
  <datafield tag="856" ind1="4" ind2="1">
    <subfield code="3">1908</subfield>
    <subfield code="u">https://hdl.loc.gov/loc.gdc/scd0001.00068148662</subfield>
  </datafield>
  <datafield tag="856" ind1="4" ind2="1">
    <subfield code="3">1910</subfield>
    <subfield code="u">https://hdl.loc.gov/loc.gdc/scd0001.00068120664</subfield>
  </datafield>
  <datafield tag="856" ind1="4" ind2="1">
    <subfield code="3">1914</subfield>
    <subfield code="u">https://hdl.loc.gov/loc.gdc/scd0001.00068148741</subfield>
  </datafield>
  <datafield tag="856" ind1="4" ind2="1">
    <subfield code="3">1914</subfield>
    <subfield code="u">https://hdl.loc.gov/loc.gdc/scd0001.00068120792</subfield>
  </datafield>
  <datafield tag="856" ind1="4" ind2="1">
    <subfield code="3">1916-38</subfield>
    <subfield code="u">https://hdl.loc.gov/loc.gdc/scd0001.00068120500</subfield>
  </datafield>
  <datafield tag="856" ind1="4" ind2="1">
    <subfield code="3">1916-38</subfield>
    <subfield code="u">https://hdl.loc.gov/loc.gdc/scd0001.00068120469</subfield>
  </datafield>
  <datafield tag="856" ind1="4" ind2="1">
    <subfield code="3">1939</subfield>
    <subfield code="u">https://hdl.loc.gov/loc.gdc/scd0001.00068148650</subfield>
  </datafield>
  <datafield tag="856" ind1="4" ind2="1">
    <subfield code="3">1939</subfield>
    <subfield code="u">https://hdl.loc.gov/loc.gdc/scd0001.00068120706</subfield>
  </datafield>
  <datafield tag="856" ind1="4" ind2="1">
    <subfield code="3">1941-48</subfield>
    <subfield code="u">https://hdl.loc.gov/loc.gdc/scd0001.00068120743</subfield>
  </datafield>
  <datafield tag="856" ind1="4" ind2="1">
    <subfield code="3">1941-48</subfield>
    <subfield code="u">https://hdl.loc.gov/loc.gdc/scd0001.00068148789</subfield>
  </datafield>
  <datafield tag="856" ind1="4" ind2="1">
    <subfield code="3">1956-58</subfield>
    <subfield code="u">https://hdl.loc.gov/loc.gdc/scd0001.00068120548</subfield>
  </datafield>
  <datafield tag="890" ind1=" " ind2=" ">
    <subfield code="a">Pike family association.  Records of the Pike family association of America, 1900/1901-  .</subfield>
    <subfield code="i">07-23343</subfield>
  </datafield>
  <datafield tag="920" ind1=" " ind2=" ">
    <subfield code="a">Keep 2</subfield>
  </datafield>
  <datafield tag="985" ind1=" " ind2=" ">
    <subfield code="a">massdig</subfield>
    <subfield code="e">sloan</subfield>
  </datafield>
  <datafield tag="991" ind1=" " ind2=" ">
    <subfield code="b">c-GenColl</subfield>
    <subfield code="h">CS71.P636</subfield>
    <subfield code="i">1902-</subfield>
    <subfield code="t">Copy 1</subfield>
    <subfield code="w">PREM</subfield>
  </datafield>
  <datafield tag="992" ind1=" " ind2=" ">
    <subfield code="b">Unk</subfield>
    <subfield code="h">CS71.P636 1902-</subfield>
    <subfield code="w">SERLOC</subfield>
  </datafield>
</record>