
<record>
  <leader>01426cam a2200361 i 4500</leader>
  <controlfield tag="001">9830648</controlfield>
  <controlfield tag="005">20200103151259.0</controlfield>
  <controlfield tag="008">750707t19601960nyu           000 f eng  </controlfield>
  <datafield tag="906" ind1=" " ind2=" ">
    <subfield code="a">7</subfield>
    <subfield code="b">cbc</subfield>
    <subfield code="c">premver</subfield>
    <subfield code="d">1</subfield>
    <subfield code="e">ncip</subfield>
    <subfield code="f">19</subfield>
    <subfield code="g">y-genrareb</subfield>
  </datafield>
  <datafield tag="955" ind1=" " ind2=" ">
    <subfield code="a">he19 2020-01-02</subfield>
    <subfield code="i">he19 2020-01-02 NEW INPUT</subfield>
  </datafield>
  <datafield tag="010" ind1=" " ind2=" ">
    <subfield code="a">   60008853 </subfield>
  </datafield>
  <datafield tag="040" ind1=" " ind2=" ">
    <subfield code="a">DLC</subfield>
    <subfield code="b">eng</subfield>
    <subfield code="e">rda</subfield>
    <subfield code="c">DLC</subfield>
    <subfield code="d">DLC</subfield>
  </datafield>
  <datafield tag="042" ind1=" " ind2=" ">
    <subfield code="a">pcc</subfield>
  </datafield>
  <datafield tag="050" ind1="0" ind2="0">
    <subfield code="a">PZ4.B367</subfield>
    <subfield code="b">Fe</subfield>
  </datafield>
  <datafield tag="051" ind1=" " ind2=" ">
    <subfield code="a">PS3503.E124</subfield>
    <subfield code="b">F48 1960 Copy 1</subfield>
    <subfield code="c">In original illustrated dust jacket. Review slip from publisher laid in.</subfield>
  </datafield>
  <datafield tag="100" ind1="1" ind2=" ">
    <subfield code="a">Bean, Amelia,</subfield>
    <subfield code="e">author.</subfield>
  </datafield>
  <datafield tag="245" ind1="1" ind2="4">
    <subfield code="a">The feud /</subfield>
    <subfield code="c">Amelia Bean.</subfield>
  </datafield>
  <datafield tag="250" ind1=" " ind2=" ">
    <subfield code="a">First edition.</subfield>
  </datafield>
  <datafield tag="264" ind1=" " ind2="1">
    <subfield code="a">Garden City, New York :</subfield>
    <subfield code="b">Doubleday &amp; Company, Inc.,</subfield>
    <subfield code="c">1960.</subfield>
  </datafield>
  <datafield tag="300" ind1=" " ind2=" ">
    <subfield code="a">287 pages ;</subfield>
    <subfield code="c">22 cm</subfield>
  </datafield>
  <datafield tag="336" ind1=" " ind2=" ">
    <subfield code="a">text</subfield>
    <subfield code="b">txt</subfield>
    <subfield code="2">rdacontent</subfield>
  </datafield>
  <datafield tag="337" ind1=" " ind2=" ">
    <subfield code="a">unmediated</subfield>
    <subfield code="b">n</subfield>
    <subfield code="2">rdamedia</subfield>
  </datafield>
  <datafield tag="338" ind1=" " ind2=" ">
    <subfield code="a">volume</subfield>
    <subfield code="b">nc</subfield>
    <subfield code="2">rdacarrier</subfield>
  </datafield>
  <datafield tag="500" ind1=" " ind2=" ">
    <subfield code="a">Map on endpapers.</subfield>
  </datafield>
  <datafield tag="500" ind1=" " ind2=" ">
    <subfield code="a">&quot;Jacket painting by Gene Di Scala&quot;--Dust jacket.</subfield>
  </datafield>
  <datafield tag="650" ind1=" " ind2="0">
    <subfield code="a">Graham-Tewksbury Feud</subfield>
    <subfield code="v">Fiction.</subfield>
  </datafield>
  <datafield tag="655" ind1=" " ind2="7">
    <subfield code="a">Dust jackets (Binding)</subfield>
    <subfield code="z">New York (State)</subfield>
    <subfield code="z">Garden City</subfield>
    <subfield code="y">20th century.</subfield>
    <subfield code="2">rbbin</subfield>
  </datafield>
  <datafield tag="700" ind1="1" ind2=" ">
    <subfield code="a">Di Scala, Gene,</subfield>
    <subfield code="e">illustrator.</subfield>
  </datafield>
  <datafield tag="710" ind1="2" ind2=" ">
    <subfield code="a">Larry Dingman Western Fiction Collection (Library of Congress)</subfield>
    <subfield code="5">DLC</subfield>
  </datafield>
  <datafield tag="952" ind1=" " ind2=" ">
    <subfield code="a">PZ4.B367 Fe Copy 1 and 2 not examined by new input cataloger. he19 2020-01-03</subfield>
  </datafield>
  <datafield tag="984" ind1=" " ind2=" ">
    <subfield code="a">gsl</subfield>
    <subfield code="d">2020-01-03</subfield>
  </datafield>
  <datafield tag="985" ind1=" " ind2=" ">
    <subfield code="e">OCLC REPLACEMENT cdsdistr</subfield>
  </datafield>
  <datafield tag="991" ind1=" " ind2=" ">
    <subfield code="b">c-GenColl</subfield>
    <subfield code="h">PZ4.B367</subfield>
    <subfield code="i">Fe</subfield>
    <subfield code="p">00022774384</subfield>
    <subfield code="t">Copy 1</subfield>
    <subfield code="w">OCLCREP</subfield>
  </datafield>
</record>