
<record>
  <leader>05329cam a2200637 i 4500</leader>
  <controlfield tag="001">9969363</controlfield>
  <controlfield tag="005">20200103160937.0</controlfield>
  <controlfield tag="008">840518s1825    hu a          000 0 bul  </controlfield>
  <datafield tag="906" ind1=" " ind2=" ">
    <subfield code="a">7</subfield>
    <subfield code="b">cbc</subfield>
    <subfield code="c">premver</subfield>
    <subfield code="d">2</subfield>
    <subfield code="e">ncip</subfield>
    <subfield code="f">19</subfield>
    <subfield code="g">y-genrareb</subfield>
  </datafield>
  <datafield tag="925" ind1="0" ind2=" ">
    <subfield code="a">acquire</subfield>
    <subfield code="b">1 shelf copy</subfield>
    <subfield code="x">policy default</subfield>
  </datafield>
  <datafield tag="955" ind1=" " ind2=" ">
    <subfield code="b">fg23 2019-10-11</subfield>
    <subfield code="i">fg15 2019-11-05 NEW INPUT</subfield>
    <subfield code="u">fg15 2019-11-20</subfield>
    <subfield code="i">fg15 2020-01-03 to RM</subfield>
  </datafield>
  <datafield tag="010" ind1=" " ind2=" ">
    <subfield code="a">   76527853 </subfield>
  </datafield>
  <datafield tag="035" ind1=" " ind2=" ">
    <subfield code="9">(DLC)   76527853</subfield>
  </datafield>
  <datafield tag="040" ind1=" " ind2=" ">
    <subfield code="a">DLC</subfield>
    <subfield code="b">eng</subfield>
    <subfield code="e">rda</subfield>
    <subfield code="c">CarP</subfield>
    <subfield code="d">DLC</subfield>
  </datafield>
  <datafield tag="041" ind1="1" ind2=" ">
    <subfield code="a">bul</subfield>
    <subfield code="h">ger</subfield>
    <subfield code="k">rus</subfield>
  </datafield>
  <datafield tag="042" ind1=" " ind2=" ">
    <subfield code="a">pcc</subfield>
  </datafield>
  <datafield tag="050" ind1="0" ind2="0">
    <subfield code="a">BS558.B8</subfield>
    <subfield code="b">H812 1825</subfield>
  </datafield>
  <datafield tag="066" ind1=" " ind2=" ">
    <subfield code="c">(N</subfield>
    <subfield code="c">(Q</subfield>
    <subfield code="c">(S</subfield>
  </datafield>
  <datafield tag="100" ind1="1" ind2=" ">
    <subfield code="a">Hübner, Johann,</subfield>
    <subfield code="d">1668-1731,</subfield>
    <subfield code="e">compiler.</subfield>
  </datafield>
  <datafield tag="240" ind1="0" ind2="0">
    <subfield code="a">Zweymahl zwey und fünffzig auserlesene biblische Historien aus dem Alten und Neuen Testamente.</subfield>
    <subfield code="l">Bulgarian.</subfield>
  </datafield>
  <datafield tag="245" ind1="1" ind2="0">
    <subfield code="6">880-01</subfield>
    <subfield code="a">Svęshtennoe t︠s︡vi︠e︡toōbranīe, ili, Sto i chetyre svęshtenny īstorīi izbranny izʺ Vetkhīatʺ i Novyatʺ Zavi︠e︡tʺ :</subfield>
    <subfield code="b">vʺ polʹza na i︠u︡noshestvoto.</subfield>
    <subfield code="n">Chastʹ pervaę /</subfield>
    <subfield code="c">ō︠t︡ gospodina Īōanna Gibnera ; prisovokūpenny sasʺ blagochestiviti︠e︡ razmyshlenīę-ta, ō︠t︡ Nemet︠s︡kīatʺ na Rōssīĭskīatʺ ęzykʺ perevedeny, a ō︠t︡ Rōssīĭskīatʺ na Slaveno-bolgarskīatʺ nashʺ ęzykʺ perevedeny ō︠t︡ Anastasa Stoęnovicha Kotlęnina i posvęshtenny na gospodina Antōnīa Īōannovicha.</subfield>
  </datafield>
  <datafield tag="880" ind1="1" ind2="0">
    <subfield code="6">245-01/(N</subfield>
    <subfield code="a">Свѧщенное цвѣтоωбранīе, или, Сто и четыре свѧщенны īсторīи избранны изъ Ветхīатъ и Новыатъ завѣтъ :</subfield>
    <subfield code="b">въ польза на юношеството.</subfield>
    <subfield code="n">Часть перваѧ /</subfield>
    <subfield code="c">ωт господина Īωанна Гибнера ; присовокꙋпенны сасъ благочестивитѣ размышленīѧ-та, ωт Немецкīатъ на Рωссīйскīатъ ѧзyкъ переведены, а ωт Рωссīйскīатъ на Славено-болгарскīатъ нашъ ѧзyкъ переведены ωт Анастаса Стоѧновича Котлѧнина и посвѧщенны на господина Антωнīа Īωанновича.</subfield>
  </datafield>
  <datafield tag="246" ind1="3" ind2="0">
    <subfield code="6">880-02</subfield>
    <subfield code="a">Sto i chetyre svęshtenny īstorīi izbranny izʺ Vetkhīatʺ i Novyatʺ Zavi︠e︡tʺ :</subfield>
    <subfield code="b">vʺ polʹza na i︠u︡noshestvoto</subfield>
  </datafield>
  <datafield tag="880" ind1="3" ind2="0">
    <subfield code="6">246-02/(N</subfield>
    <subfield code="a">Сто и четыре свѧщенны īсторīи избранны изъ Ветхīатъ и Новыатъ завѣтъ :</subfield>
    <subfield code="b">въ польза на юношеството</subfield>
  </datafield>
  <datafield tag="246" ind1="3" ind2="0">
    <subfield code="6">880-03</subfield>
    <subfield code="a">Sto i chetire svi︠a︡shtenni istorii izbrani iz Vekhtii︠a︡t i Novii︠a︡t zavet :</subfield>
    <subfield code="b">v polza na i︠u︡noshestvoto</subfield>
  </datafield>
  <datafield tag="880" ind1="3" ind2="0">
    <subfield code="6">246-03/(N</subfield>
    <subfield code="a">Сто и четире свeщенни истории избрани из Вехтият и Новият завет :</subfield>
    <subfield code="b">в полза на юношеството</subfield>
  </datafield>
  <datafield tag="246" ind1="3" ind2="0">
    <subfield code="6">880-04</subfield>
    <subfield code="a">Svi︠a︡shtennoe t︠s︡vetoobranie</subfield>
  </datafield>
  <datafield tag="246" ind1="3" ind2="0">
    <subfield code="6">880-05</subfield>
    <subfield code="a">Sveshtennoe t︠s︡vetoobranie</subfield>
  </datafield>
  <datafield tag="880" ind1="3" ind2="0">
    <subfield code="6">246-04/(N</subfield>
    <subfield code="a">Священное цветообрание</subfield>
  </datafield>
  <datafield tag="250" ind1=" " ind2=" ">
    <subfield code="a">Izdanīe pervoe.</subfield>
  </datafield>
  <datafield tag="264" ind1=" " ind2="3">
    <subfield code="6">880-06</subfield>
    <subfield code="a">Vʺ Būdinʺ :</subfield>
    <subfield code="b">Vʺ Kralevskata Unīversītetska Tẏpografīa,</subfield>
    <subfield code="c">1825.</subfield>
  </datafield>
  <datafield tag="880" ind1=" " ind2="3">
    <subfield code="6">264-06/(N</subfield>
    <subfield code="a">Въ Бꙋдинъ :</subfield>
    <subfield code="b">Въ Кралевската Унīверсīтетска Тѵпографīа,</subfield>
    <subfield code="c">1825.</subfield>
  </datafield>
  <datafield tag="300" ind1=" " ind2=" ">
    <subfield code="a">XVI, 228 pages, 9 unnumbered pages :</subfield>
    <subfield code="b">illustration ;</subfield>
    <subfield code="c">21 cm</subfield>
  </datafield>
  <datafield tag="336" ind1=" " ind2=" ">
    <subfield code="a">text</subfield>
    <subfield code="b">txt</subfield>
    <subfield code="2">rdacontent</subfield>
  </datafield>
  <datafield tag="337" ind1=" " ind2=" ">
    <subfield code="a">unmediated</subfield>
    <subfield code="b">n</subfield>
    <subfield code="2">rdamedia</subfield>
  </datafield>
  <datafield tag="338" ind1=" " ind2=" ">
    <subfield code="a">volume</subfield>
    <subfield code="b">nc</subfield>
    <subfield code="2">rdacarrier</subfield>
  </datafield>
  <datafield tag="500" ind1=" " ind2=" ">
    <subfield code="a">&quot;Biblische Geschichte in 2 Theile.&quot;</subfield>
  </datafield>
  <datafield tag="500" ind1=" " ind2=" ">
    <subfield code="a">&quot;Budae die 22. Iunii 1825. Imprimatur Georgius Petrovics m.p., Censor Librorum.&quot;--Title page verso.</subfield>
  </datafield>
  <datafield tag="500" ind1=" " ind2=" ">
    <subfield code="a">Date of printing and pagination of the main text are recorded in Cyrillic numerals.</subfield>
  </datafield>
  <datafield tag="510" ind1="4" ind2=" ">
    <subfield code="6">880-07</subfield>
    <subfield code="a">Pogorelov, V.A. Opis na starite pechatani bŭlgarski knigi,</subfield>
    <subfield code="c">15</subfield>
  </datafield>
  <datafield tag="880" ind1="4" ind2=" ">
    <subfield code="6">510-07/(N</subfield>
    <subfield code="a">Погорелов, В.А. Опис на старите печатани български книги,</subfield>
    <subfield code="c">15</subfield>
  </datafield>
  <datafield tag="510" ind1="4" ind2=" ">
    <subfield code="6">880-08</subfield>
    <subfield code="a">Narodna biblioteka &quot;Kiril i Metodiĭ&quot;. Bŭlgarska vŭzrozhdenska knizhnina (&quot;Stoi︠a︡nov&quot;),</subfield>
    <subfield code="c">4523</subfield>
  </datafield>
  <datafield tag="880" ind1="4" ind2=" ">
    <subfield code="6">510-08/(N</subfield>
    <subfield code="a">Народна библиотека &quot;Кирил и Методий&quot;. Българска възрожденска книжнина (&quot;Стоянов&quot;),</subfield>
    <subfield code="c">4523</subfield>
  </datafield>
  <datafield tag="510" ind1="4" ind2=" ">
    <subfield code="a">Teodorov-Balan, Aleksandŭr. Bŭlgarski knigopis za sto godini, 1806-1905,</subfield>
    <subfield code="c">13281</subfield>
  </datafield>
  <datafield tag="546" ind1=" " ind2=" ">
    <subfield code="a">Bulgarian; translated from a Russian translation of the original German.</subfield>
  </datafield>
  <datafield tag="561" ind1=" " ind2=" ">
    <subfield code="a">LC copy from the library of Todor D. Plochev, purchased in 1949.</subfield>
    <subfield code="5">DLC</subfield>
  </datafield>
  <datafield tag="650" ind1=" " ind2="0">
    <subfield code="a">Bible stories, Bulgarian.</subfield>
  </datafield>
  <datafield tag="700" ind1="1" ind2=" ">
    <subfield code="6">880-09</subfield>
    <subfield code="a">Plochev, Todor D.,</subfield>
    <subfield code="e">former owner.</subfield>
    <subfield code="5">DLC</subfield>
  </datafield>
  <datafield tag="880" ind1="1" ind2=" ">
    <subfield code="6">700-09/(N</subfield>
    <subfield code="a">Плочев, Тодор Д.,</subfield>
    <subfield code="e">former owner.</subfield>
    <subfield code="5">DLC</subfield>
  </datafield>
  <datafield tag="700" ind1="1" ind2=" ">
    <subfield code="6">880-10</subfield>
    <subfield code="a">Kipilovski, Anastas Stoi︠a︡novich,</subfield>
    <subfield code="d">1802-1870,</subfield>
    <subfield code="e">translator,</subfield>
    <subfield code="e">author of preface.</subfield>
  </datafield>
  <datafield tag="880" ind1="1" ind2=" ">
    <subfield code="6">700-10/(N</subfield>
    <subfield code="a">Кипиловски, Анастас Стоянович,</subfield>
    <subfield code="d">1802-1870,</subfield>
    <subfield code="e">translator,</subfield>
    <subfield code="e">author of preface.</subfield>
  </datafield>
  <datafield tag="700" ind1="1" ind2=" ">
    <subfield code="6">880-11</subfield>
    <subfield code="a">Ĭovanovich, Antoniĭ,</subfield>
    <subfield code="e">dedicatee (expression)</subfield>
  </datafield>
  <datafield tag="880" ind1="1" ind2=" ">
    <subfield code="6">700-11/(N</subfield>
    <subfield code="a">Йованович, Антоний,</subfield>
    <subfield code="e">dedicatee (expression)</subfield>
  </datafield>
  <datafield tag="710" ind1="2" ind2=" ">
    <subfield code="a">Early Bulgarian Imprint Collection (Library of Congress)</subfield>
    <subfield code="5">DLC</subfield>
  </datafield>
  <datafield tag="984" ind1=" " ind2=" ">
    <subfield code="a">rsl</subfield>
    <subfield code="d">2019-01-30</subfield>
  </datafield>
  <datafield tag="991" ind1=" " ind2=" ">
    <subfield code="b">c-RareBook</subfield>
    <subfield code="h">BS558.R8</subfield>
    <subfield code="i">H812</subfield>
    <subfield code="t">Copy 1</subfield>
    <subfield code="w">PREM</subfield>
  </datafield>
</record>