
<record>
  <leader>00732ccm a2200205ui 4500</leader>
  <controlfield tag="001">10037309</controlfield>
  <controlfield tag="005">20200103093712.0</controlfield>
  <controlfield tag="008">841204s1960    ilu||||        n  | eng  </controlfield>
  <datafield tag="906" ind1=" " ind2=" ">
    <subfield code="a">0</subfield>
    <subfield code="b">cbc</subfield>
    <subfield code="c">premunv</subfield>
    <subfield code="d">u</subfield>
    <subfield code="e">ncip</subfield>
    <subfield code="f">19</subfield>
    <subfield code="g">y-genmusic</subfield>
  </datafield>
  <datafield tag="925" ind1="0" ind2=" ">
    <subfield code="a">Acquire</subfield>
    <subfield code="b">1 shelf copy</subfield>
    <subfield code="x">policy default</subfield>
  </datafield>
  <datafield tag="010" ind1=" " ind2=" ">
    <subfield code="a">unk84165143 </subfield>
  </datafield>
  <datafield tag="035" ind1=" " ind2=" ">
    <subfield code="9">(DLC)unk84165143</subfield>
  </datafield>
  <datafield tag="040" ind1=" " ind2=" ">
    <subfield code="a">DLC</subfield>
    <subfield code="c">CarP</subfield>
    <subfield code="d">DLC</subfield>
  </datafield>
  <datafield tag="050" ind1="0" ind2="0">
    <subfield code="a">M458.H7</subfield>
    <subfield code="b">R82</subfield>
  </datafield>
  <datafield tag="100" ind1="1" ind2=" ">
    <subfield code="a">Holmes, Guy Earl,</subfield>
    <subfield code="d">1873-1945, </subfield>
    <subfield code="e">arr.</subfield>
  </datafield>
  <datafield tag="245" ind1="0" ind2="0">
    <subfield code="a">Rubank flute symphony;</subfield>
    <subfield code="b">a collection of compositions especially adapted for flute ensemble, and recommended for class work.</subfield>
  </datafield>
  <datafield tag="260" ind1=" " ind2=" ">
    <subfield code="a">Chicago,</subfield>
    <subfield code="b">Rubank</subfield>
    <subfield code="c">[c1960]</subfield>
  </datafield>
  <datafield tag="300" ind1=" " ind2=" ">
    <subfield code="a">score (24 p.)</subfield>
    <subfield code="c">cm.</subfield>
  </datafield>
  <datafield tag="991" ind1=" " ind2=" ">
    <subfield code="b">c-Music</subfield>
    <subfield code="h">M458.H7</subfield>
    <subfield code="i">R82</subfield>
    <subfield code="t">Copy 1</subfield>
    <subfield code="w">PREM</subfield>
  </datafield>
  <datafield tag="985" ind1=" " ind2=" ">
    <subfield code="e">PreMARC Music</subfield>
  </datafield>
</record>