
<record>
  <leader>01921cam a22003491  4500</leader>
  <controlfield tag="001">10069080</controlfield>
  <controlfield tag="005">20200103081418.0</controlfield>
  <controlfield tag="008">841012s1760    fr h          000 0 lat  </controlfield>
  <datafield tag="906" ind1=" " ind2=" ">
    <subfield code="a">7</subfield>
    <subfield code="b">cbc</subfield>
    <subfield code="c">premunv</subfield>
    <subfield code="d">u</subfield>
    <subfield code="e">ncip</subfield>
    <subfield code="f">19</subfield>
    <subfield code="g">y-gencatlg</subfield>
  </datafield>
  <datafield tag="035" ind1=" " ind2=" ">
    <subfield code="9">(DLC)   02024792</subfield>
  </datafield>
  <datafield tag="010" ind1=" " ind2=" ">
    <subfield code="a">   02024792 </subfield>
  </datafield>
  <datafield tag="040" ind1=" " ind2=" ">
    <subfield code="a">DLC</subfield>
    <subfield code="b">eng</subfield>
    <subfield code="c">CarP</subfield>
    <subfield code="d">DLC</subfield>
  </datafield>
  <datafield tag="043" ind1=" " ind2=" ">
    <subfield code="a">e-fr---</subfield>
  </datafield>
  <datafield tag="050" ind1="0" ind2="0">
    <subfield code="a">Z126</subfield>
    <subfield code="b">.S36</subfield>
  </datafield>
  <datafield tag="051" ind1=" " ind2=" ">
    <subfield code="a">Z126</subfield>
    <subfield code="b">.S36 Copy 2</subfield>
    <subfield code="c">Another copy.</subfield>
  </datafield>
  <datafield tag="100" ind1="1" ind2=" ">
    <subfield code="a">Schoepflin, Johann Daniel,</subfield>
    <subfield code="d">1694-1771.</subfield>
  </datafield>
  <datafield tag="245" ind1="1" ind2="0">
    <subfield code="a">Vindiciæ typographicæ.</subfield>
  </datafield>
  <datafield tag="260" ind1=" " ind2=" ">
    <subfield code="a">Argentorati,</subfield>
    <subfield code="b">J. G. Bauer,</subfield>
    <subfield code="c">1760.</subfield>
  </datafield>
  <datafield tag="300" ind1=" " ind2=" ">
    <subfield code="a">3 p.l., 120, 42, [10] p.</subfield>
    <subfield code="b">7 fold. facsim.</subfield>
    <subfield code="c">24 x 20 cm.</subfield>
  </datafield>
  <datafield tag="500" ind1=" " ind2=" ">
    <subfield code="a">&quot;Documenta typographicarum originum ex argentinensibus tabulariis et bibliothecis ...&quot; 42 p.</subfield>
  </datafield>
  <datafield tag="505" ind1="0" ind2=" ">
    <subfield code="a">--Notitia prævia--Gutenbergii Acta &amp; primordia typographica Argentorati.--Typographia a Gutenbergio continuata &amp; a Petro Schœffero perfecta Moguntiæ.--Typographia literarum sculptarum a Gutenbergii sociis continuata &amp; perfecta Argentorati.--Fabulosa Argentinensium de originibus typographicis traditio.--Fallaces Fausti inscriptiones.--Typograhica argentinensis æra moguntinensi antiquior.--Typograhicæ Harlemensium origines.--Reliqua Gutenbergii fata.--Gutenbergii successores Argentinæ usque ad Sec. XVI.--Typographi Alsatiæ extra Argentoratum.--Typographi alsatæ extra Alsatiam.</subfield>
  </datafield>
  <datafield tag="650" ind1=" " ind2="0">
    <subfield code="a">Printing</subfield>
    <subfield code="x">History</subfield>
    <subfield code="x">Origin and antecedents.</subfield>
  </datafield>
  <datafield tag="600" ind1="1" ind2="0">
    <subfield code="a">Gutenberg, Johann,</subfield>
    <subfield code="d">1397?-1468.</subfield>
  </datafield>
  <datafield tag="650" ind1=" " ind2="0">
    <subfield code="a">Printing</subfield>
    <subfield code="z">France</subfield>
    <subfield code="z">Strasbourg</subfield>
    <subfield code="x">History</subfield>
    <subfield code="x">Origin and antecedents.</subfield>
  </datafield>
  <datafield tag="651" ind1=" " ind2="0">
    <subfield code="a">Strasbourg (France)</subfield>
    <subfield code="x">Imprints.</subfield>
  </datafield>
  <datafield tag="710" ind1="2" ind2=" ">
    <subfield code="a">Pre-1801 Imprint Collection (Library of Congress)</subfield>
    <subfield code="5">DLC</subfield>
  </datafield>
  <datafield tag="952" ind1=" " ind2=" ">
    <subfield code="a">LAC knj 2019-04-30 update (2 cards)</subfield>
  </datafield>
  <datafield tag="984" ind1=" " ind2=" ">
    <subfield code="a">rsl</subfield>
    <subfield code="d">2019-04-30</subfield>
  </datafield>
  <datafield tag="985" ind1=" " ind2=" ">
    <subfield code="a">rblacfederal</subfield>
    <subfield code="d">20190430</subfield>
  </datafield>
  <datafield tag="985" ind1=" " ind2=" ">
    <subfield code="a">rarebk/pre1801</subfield>
    <subfield code="e">rbc</subfield>
    <subfield code="f">ce14</subfield>
  </datafield>
  <datafield tag="991" ind1=" " ind2=" ">
    <subfield code="b">c-RareBook</subfield>
    <subfield code="h">Z126</subfield>
    <subfield code="i">.S36</subfield>
    <subfield code="t">Copy 1</subfield>
    <subfield code="m">Pre-1801 Coll</subfield>
    <subfield code="w">PREM</subfield>
  </datafield>
  <datafield tag="991" ind1=" " ind2=" ">
    <subfield code="b">c-RareBook</subfield>
    <subfield code="h">Z126</subfield>
    <subfield code="i">.S36</subfield>
    <subfield code="t">Copy 2</subfield>
    <subfield code="m">Pre-1801 Coll</subfield>
    <subfield code="w">PREM</subfield>
  </datafield>
</record>