
<record>
  <leader>02177cam a2200361 i 4500</leader>
  <controlfield tag="001">10228010</controlfield>
  <controlfield tag="005">20200103142625.0</controlfield>
  <controlfield tag="008">810213s1897    mau           000 0 eng  </controlfield>
  <datafield tag="906" ind1=" " ind2=" ">
    <subfield code="a">7</subfield>
    <subfield code="b">cbc</subfield>
    <subfield code="c">premver</subfield>
    <subfield code="d">2</subfield>
    <subfield code="e">ncip</subfield>
    <subfield code="f">19</subfield>
    <subfield code="g">y-genrareb</subfield>
  </datafield>
  <datafield tag="955" ind1=" " ind2=" ">
    <subfield code="a">he06 2019-07-11</subfield>
    <subfield code="i">he06 2019-07-11 NEW INPUT</subfield>
  </datafield>
  <datafield tag="010" ind1=" " ind2=" ">
    <subfield code="a">   48032662 </subfield>
  </datafield>
  <datafield tag="040" ind1=" " ind2=" ">
    <subfield code="a">DLC</subfield>
    <subfield code="b">eng</subfield>
    <subfield code="c">DLC</subfield>
    <subfield code="d">DLC</subfield>
  </datafield>
  <datafield tag="043" ind1=" " ind2=" ">
    <subfield code="a">n-us-hi</subfield>
  </datafield>
  <datafield tag="050" ind1="0" ind2="0">
    <subfield code="a">BL2620.H3</subfield>
    <subfield code="b">K8</subfield>
  </datafield>
  <datafield tag="051" ind1=" " ind2=" ">
    <subfield code="a">BL2620.H3</subfield>
    <subfield code="b">K8 Copy 2</subfield>
    <subfield code="c">In gray paper wrapper. Copyright deposit: Dec. 9, 1987.</subfield>
  </datafield>
  <datafield tag="130" ind1="0" ind2=" ">
    <subfield code="a">Kumulipo</subfield>
  </datafield>
  <datafield tag="245" ind1="1" ind2="3">
    <subfield code="a">An account of the creation of the world according to Hawaiian tradition /</subfield>
    <subfield code="c">translated from the original manuscripts preserved exclusively in Her Majesty&apos;s family by Lilioukalani of Hawaii ; prayer of dedication, the creation for Ka Ii Mamao from him to his daughter Alapai Wahine, Lilioukalani&apos;s great-grandmother, composed by Keaulumoku in 1700 and translated by Lilioukalani during her imprisonment in 1895 at Iolani Palace, and afterwards at Washington Place, Honolulu, was completed at Washington, D.C., May 20, 1897.</subfield>
  </datafield>
  <datafield tag="246" ind1="1" ind2="4">
    <subfield code="a">Hawaiian tradition of the creation</subfield>
  </datafield>
  <datafield tag="260" ind1=" " ind2=" ">
    <subfield code="a">Boston, U.S.A. :</subfield>
    <subfield code="b">Lee and Shepard, publishers,</subfield>
    <subfield code="c">1897.</subfield>
  </datafield>
  <datafield tag="300" ind1=" " ind2=" ">
    <subfield code="a">85 pages, 1 unnumbered leaf of plates :</subfield>
    <subfield code="b">1 portrait ;</subfield>
    <subfield code="c">21 cm</subfield>
  </datafield>
  <datafield tag="500" ind1=" " ind2=" ">
    <subfield code="a">First English language edition of the Hawaiian creation chant.  100 copies printed, 80 bound in paper, 20 bound in cloth.</subfield>
  </datafield>
  <datafield tag="500" ind1=" " ind2=" ">
    <subfield code="a">In original publisher&apos;s binding: blue cloth with title and translator stamped on gilt on upper board.</subfield>
  </datafield>
  <datafield tag="510" ind1="4" ind2=" ">
    <subfield code="a">Forbes, D.W. Hawaiian national bibliography, 1780-1900,</subfield>
    <subfield code="c">4835</subfield>
  </datafield>
  <datafield tag="500" ind1=" " ind2=" ">
    <subfield code="a">LC copy has inscription: Presented to the Congressional Library of the United States of America by Lilioukalani of Hawaii.</subfield>
    <subfield code="5">DLC</subfield>
  </datafield>
  <datafield tag="650" ind1=" " ind2="0">
    <subfield code="a">Hawaiian cosmogony.</subfield>
  </datafield>
  <datafield tag="650" ind1=" " ind2="0">
    <subfield code="a">Creation</subfield>
    <subfield code="x">Mythology</subfield>
    <subfield code="z">Hawaii.</subfield>
  </datafield>
  <datafield tag="700" ind1="0" ind2=" ">
    <subfield code="a">Liliuokalani,</subfield>
    <subfield code="c">Queen of Hawaii,</subfield>
    <subfield code="d">1838-1917,</subfield>
    <subfield code="e">translator.</subfield>
  </datafield>
  <datafield tag="700" ind1="0" ind2=" ">
    <subfield code="a">Liliuokalani,</subfield>
    <subfield code="c">Queen of Hawaii,</subfield>
    <subfield code="d">1838-1917,</subfield>
    <subfield code="e">donor.</subfield>
    <subfield code="5">DLC</subfield>
  </datafield>
  <datafield tag="710" ind1="2" ind2=" ">
    <subfield code="a">Hawaiian Imprint Collection (Library of Congress)</subfield>
    <subfield code="5">DLC</subfield>
  </datafield>
  <datafield tag="952" ind1=" " ind2=" ">
    <subfield code="a">LAC aaa 2018-12-13 update (1 card)</subfield>
  </datafield>
  <datafield tag="984" ind1=" " ind2=" ">
    <subfield code="a">gsl; rsl</subfield>
    <subfield code="d">2018-12-13</subfield>
  </datafield>
  <datafield tag="985" ind1=" " ind2=" ">
    <subfield code="a">rblacfederal</subfield>
    <subfield code="d">20181213</subfield>
  </datafield>
  <datafield tag="991" ind1=" " ind2=" ">
    <subfield code="b">c-RareBook</subfield>
    <subfield code="h">BL2620.H3</subfield>
    <subfield code="i">K8</subfield>
    <subfield code="t">Copy 1</subfield>
    <subfield code="w">PREM</subfield>
  </datafield>
</record>